@InProceedings{ekphrasis,
  author    = {Baziotis, Christos  and  Pelekis, Nikos  and  Doulkeridis, Christos},
  title     = {DataStories at SemEval-2017 Task 4: Deep LSTM with Attention for Message-level and Topic-based Sentiment Analysis},
  booktitle = {Proceedings of the 11th International Workshop on Semantic Evaluation (SemEval-2017)},
  month     = {August},
  year      = {2017},
  address   = {Vancouver, Canada},
  publisher = {Association for Computational Linguistics},
  pages     = {747--754}
}


@article{pattern,
 author = {De Smedt, Tom and Daelemans, Walter},
 title = {Pattern for Python},
 journal = {Journal of Machine Learning Research},
 issue_date = {3/1/2012},
 volume = {13},
 month = jun,
 year = {2012},
 issn = {1532-4435},
 pages = {2063--2067},
 numpages = {5},
 url = {http://dl.acm.org/citation.cfm?id=2188385.2343710},
 acmid = {2343710},
 publisher = {JMLR.org},
}}


@InProceedings{felbo,
  author = 	"Felbo, Bjarke
		and Mislove, Alan
		and S{\o}gaard, Anders
		and Rahwan, Iyad
		and Lehmann, Sune",
  title = 	"Using millions of emoji occurrences to learn any-domain representations      for detecting sentiment, emotion and sarcasm    ",
  booktitle = 	"Proceedings of the 2017 Conference on Empirical Methods in Natural      Language Processing    ",
  year = 	"2017",
  publisher = 	"Association for Computational Linguistics",
  pages = 	"1615--1625",
  location = 	"Copenhagen, Denmark",
  doi = 	"10.18653/v1/D17-1169",
  url = 	"http://aclweb.org/anthology/D17-1169"
}

@article{hu,
  author    = {Tianran Hu and
               Han Guo and
               Hao Sun and
               Thuy{-}vy Thi Nguyen and
               Jiebo Luo},
  title     = {Spice up Your Chat: The Intentions and Sentiment Effects of Using
               Emoji},
  journal   = {CoRR},
  volume    = {abs/1703.02860},
  year      = {2017},
  url       = {http://arxiv.org/abs/1703.02860},
  archivePrefix = {arXiv},
  eprint    = {1703.02860},
  timestamp = {Mon, 13 Aug 2018 16:49:07 +0200},
  biburl    = {https://dblp.org/rec/bib/journals/corr/HuGSNL17},
  bibsource = {dblp computer science bibliography, https://dblp.org}
}

@inproceedings{benamara,
  added-at = {2009-03-18T13:40:43.000+0100},
  author = {Benamara, Farah and Cesarano, Carmine and Picariello, Antonio and Reforgiato, Diego and Subrahmanian, V. S.},
  biburl = {https://www.bibsonomy.org/bibtex/2fbd9a2de1d1ac8bf1b4e2286577a8800/om},
  booktitle = {Proceedings of the International Conference on Weblogs and Social
	Media (ICWSM)},
  interhash = {58324c9d47e5f45e3b948a8148d847e9},
  intrahash = {fbd9a2de1d1ac8bf1b4e2286577a8800},
  keywords = {analysis mining opinion sentiment},
  note = {Short paper},
  timestamp = {2009-03-18T13:41:46.000+0100},
  title = {Sentiment Analysis: Adjectives and Adverbs are Better than Adjectives
	Alone},
  year = 2007
}

@inproceedings{thumbs,
 author = {Pang, Bo and Lee, Lillian and Vaithyanathan, Shivakumar},
 title = {Thumbs Up?: Sentiment Classification Using Machine Learning Techniques},
 booktitle = {Proceedings of the ACL-02 Conference on Empirical Methods in Natural Language Processing - Volume 10},
 series = {EMNLP '02},
 year = {2002},
 pages = {79--86},
 numpages = {8},
 url = {https://doi.org/10.3115/1118693.1118704},
 doi = {10.3115/1118693.1118704},
 acmid = {1118704},
 publisher = {Association for Computational Linguistics},
 address = {Stroudsburg, PA, USA},
}

@inproceedings{hatz,
 author = {Hatzivassiloglou, Vasileios and Wiebe, Janyce M.},
 title = {Effects of Adjective Orientation and Gradability on Sentence Subjectivity},
 booktitle = {Proceedings of the 18th Conference on Computational Linguistics - Volume 1},
 series = {COLING '00},
 year = {2000},
 isbn = {1-55860-717-X},
 location = {Saarbr\&\#252;cken, Germany},
 pages = {299--305},
 numpages = {7},
 url = {https://doi.org/10.3115/990820.990864},
 doi = {10.3115/990820.990864},
 acmid = {990864},
 publisher = {Association for Computational Linguistics},
 address = {Stroudsburg, PA, USA},
}


@article{lbfgs,
author = {Byrd, R. and Lu, P. and Nocedal, J. and Zhu, C.},
title = {A Limited Memory Algorithm for Bound Constrained Optimization},
journal = {SIAM Journal on Scientific Computing},
volume = {16},
number = {5},
pages = {1190-1208},
year = {1995},
doi = {10.1137/0916069},

URL = {
       https://doi.org/10.1137/0916069

},
eprint = {
       https://doi.org/10.1137/0916069

}}



@InProceedings{SemEval,
  author    = {Sara Rosenthal and Noura Farra and Preslav Nakov},
  title     = {{SemEval}-2017 Task 4: Sentiment Analysis in {T}witter},
  booktitle = {Proceedings of the 11th International Workshop on Semantic Evaluation},
  series    = {SemEval '17},
  month     = {August},
  year      = {2017},
  address   = {Vancouver, Canada},
  publisher = {Association for Computational Linguistics},
}

%old dataset
@misc{sentiment140,
    author = {Alec Go et al. Stanford University},
    title = {Sentiment 140},
    year = {2009},
    url = {http://help.sentiment140.com},
    note = {Online; accessed 30-December-2018}
}

%Penntree bank reference
@article{penntree,
 author = {Marcus, Mitchell P. and Marcinkiewicz, Mary Ann and Santorini, Beatrice},
 title = {Building a Large Annotated Corpus of English: The Penn Treebank},
 journal = {Comput. Linguist.},
 issue_date = {June 1993},
 volume = {19},
 number = {2},
 month = jun,
 year = {1993},
 issn = {0891-2017},
 pages = {313--330},
 numpages = {18},
 url = {http://dl.acm.org/citation.cfm?id=972470.972475},
 acmid = {972475},
 publisher = {MIT Press},
 address = {Cambridge, MA, USA},
}

%papers to implement
@inproceedings{improving-sa,
author = {Nicholls, Chris and Song, Fei},
year = {2009},
month = {08},
pages = {1592 - 1597},
title = {Improving sentiment analysis with Part-of-Speech weighting},
volume = {3},
journal = {Proceedings of the 2009 International Conference on Machine Learning and Cybernetics},
doi = {10.1109/ICMLC.2009.5212278}
}

%alternative POS Weighing methods
@article{alternative_weights,
  author    = {Christina Lioma and
               Roi Blanco},
  title     = {Part of Speech Based Term Weighting for Information Retrieval},
  journal   = {CoRR},
  volume    = {abs/1704.01617},
  year      = {2017},
  url       = {http://arxiv.org/abs/1704.01617},
  archivePrefix = {arXiv},
  eprint    = {1704.01617},
  timestamp = {Mon, 13 Aug 2018 16:46:27 +0200},
  biburl    = {https://dblp.org/rec/bib/journals/corr/LiomaB17},
  bibsource = {dblp computer science bibliography, https://dblp.org}
}

@inproceedings{pos-based-model,
author = {Xia, Rui and Zong, Chengqing},
title = {A POS-based Ensemble Model for Cross-domain Sentiment Classification},
booktitle = {Proceedings of 5th International Joint Conference on Natural Language Processing},
year = {2011},
publisher = {Asian Federation of Natural Language Processing},
pages = 	{614--622},
location = {Chiang Mai, Thailand},
url = {http://aclweb.org/anthology/I11-1069}
}

%based on pattern en . Does not use NLTK to perform the correction
@misc{spelling_correction_python_example,
    url = {https://rustyonrampage.github.io/text-mining/2017/11/28/spelling-correction-with-python-and-nltk.html},
    title = {Correcting Words using Python and NLTK},
    note = {Online; accessed 30-December-2018}
}

%pattern en, spelling library
@misc{spelling_pattern_en,
    url = {https://github.com/clips/pattern)},
    author = {Tom De Smed, Walter Daelemans},
    note = {Online; accessed 30-December-2018}
}

%based on pattern en . Does not use NLTK to perform the correction
@misc{spelling_correction_python_example,
    url = {https://rustyonrampage.github.io/text-mining/2017/11/28/spelling-correction-with-python-and-nltk.html},
    title = {Correcting Words using Python and NLTK},
    note = {Online; accessed 30-December-2018}
}

%For our baseline

%Scikit-learn webpage asks to cite them like this:
@article{scikit-learn,
 title={{Scikit-learn: Machine Learning in Python }},
 author={Pedregosa, F. and Varoquaux, G. and Gramfort, A. and Michel, V.
         and Thirion, B. and Grisel, O. and Blondel, M. and Prettenhofer, P.
         and Weiss, R. and Dubourg, V. and Vanderplas, J. and Passos, A. and
         Cournapeau, D. and Brucher, M. and Perrot, M. and Duchesnay, E.},
 journal={Journal of Machine Learning Research},
 volume={12},
 pages={2825--2830},
 year={2011}
}

@misc{sklearnTfidfVectorizer,
    url = {https://scikit-learn.org/stable/modules/generated/sklearn.feature_extraction.text.TfidfVectorizer.html},
    title = {scikit-learn TfidfVectorizer},
    note = {Online; accessed 30-December-2018}
}

@misc{sklearnLogisticRegression,
    url = {https://scikit-learn.org/stable/modules/generated/sklearn.linear_model.LogisticRegression.html},
    title = {scikit-learn LogisticRegression},
    note = {Online; accessed 30-December-2018}
}


%best PoS Tagger , run with java -jar twitie_tag.jar models/english-twitter.model <input file>
@misc{gatetagger,
    url = {https://gate.ac.uk/wiki/twitter-postagger.html},
    title = {GATE Twitter part-of-speech tagger},
    note = {Online; accessed 30-December-2018}
}

%Alternative Tagger
@misc{cmutagger,
    url = {http://www.cs.cmu.edu/~ark/TweetNLP/},
    title = {Tweet NLP Carneggie Mellon},
    note = {Online; accessed 05-Janunary-2019}
}


%papers giving us the POS Tagging framework
%for GATE tagger
@inproceedings{gatetagger-paper,
    title = {Twitter Part-of-Speech Tagging for All: Overcoming Sparse and Noisy Data},
    author = {Derczynski, Leon and Ritter, Alan and Clark, Sam and Bontcheva, Kalina},
    year = {2013},
    booktitle = {Proceedings of the International Conference on Recent Advances in Natural Language Processing},
    publisher = {Association for Computational Linguistics}
}

%for Carneggie Mellon Tagger: paper on the current version of tagger
@InProceedings{cmutagger2-paper,
  author = 	"Owoputi, Olutobi
		and O'Connor, Brendan
		and Dyer, Chris
		and Gimpel, Kevin
		and Schneider, Nathan
		and Smith, Noah A.",
  title = 	"Improved Part-of-Speech Tagging for Online Conversational Text with Word Clusters",
  booktitle = 	"Proceedings of the 2013 Conference of the North American Chapter of the Association for Computational Linguistics: Human Language Technologies",
  year = 	"2013",
  publisher = 	"Association for Computational Linguistics",
  pages = 	"380--390",
  location = 	"Atlanta, Georgia",
  url = 	"http://aclweb.org/anthology/N13-1039"
}

%for Carneggie Mellon Tagger: original paper for tagger
@inproceedings{cmutagger1-paper,
author = {Gimpel, Kevin and Schneider, Nathan and O'Connor, Brendan and Das, Dipanjan and Mills, Daniel and Eisenstein, Jacob and Heilman, Michael and Yogatama, Dani and Flanigan, Jeffrey and A. Smith, Noah},
year = {2011},
month = {01},
pages = {42-47},
title = {Part-of-Speech Tagging for Twitter: Annotation, Features, and Experiments},
volume = {2},
journal = {Proceedings of the Annual Meeting of the Association for Computational Linguistics, HLT '11}
}

%paper showing why ARK is currently best non-neural Tagger
@InProceedings{comparison-taggers,
  author = 	"Gui, Tao
		and Zhang, Qi
		and Huang, Haoran
		and Peng, Minlong
		and Huang, Xuanjing",
  title = 	"Part-of-Speech Tagging for Twitter with Adversarial Neural Networks",
  booktitle = 	"Proceedings of the 2017 Conference on Empirical Methods in Natural      Language Processing    ",
  year = 	"2017",
  publisher = 	"Association for Computational Linguistics",
  pages = 	"2411--2420",
  location = 	"Copenhagen, Denmark",
  doi = 	"10.18653/v1/D17-1256",
  url = 	"http://aclweb.org/anthology/D17-1256"
}

%paper justifying TF*IDF in the baseline
@article{Wang2018_WordClustering,
  author={Y. Wang, K.T. Kim, B.J. Lee and H.Y. Youn},
  title={Word clustering based on POS feature
for efficient twitter sentiment analysis},
  journal={Human-centric Computing and Information Sciences},
  year={2018},
}

%OCFS geature cut-off
@Inproceedings{ocfs,
author = {Yan, Jun and Liu, Ning and Zhang, Benyu and Yan, Shuicheng and Chen, Zheng and Cheng, Qiansheng and Fan, Weiguo and Ma, Wei-Ying},
title = {OCFS: optimal orthogonal centroid feature selection for text categorization},
booktitle = {28th annual international ACM SIGIR conference on Research and development in information retrieval},
year = {2005},
month = {January},
publisher = {Association for Computing Machinery, Inc.},
url = {https://www.microsoft.com/en-us/research/publication/ocfs-optimal-orthogonal-centroid-feature-selection-for-text-categorization/},
pages = {122-129},
edition = {28th annual international ACM SIGIR conference on Research and development in information retrieval},
}
