
%dataset used. the year was inferred from http://help.sentiment140.com/for-students , section "how did it start"
@misc{sentiment140,
    author = {Alec Go et al. Stanford University},
    title = {Sentiment 140},
    year = {2009},
    url = {http://help.sentiment140.com},
    note = {Online; accessed 30-December-2018}
}

%papers to implement
@inproceedings{improving-sa,
author = {Nicholls, Chris and Song, Fei},
year = {2009},
month = {08},
pages = {1592 - 1597},
title = {Improving sentiment analysis with Part-of-Speech weighting},
volume = {3},
journal = {Proceedings of the 2009 International Conference on Machine Learning and Cybernetics},
doi = {10.1109/ICMLC.2009.5212278}
}

@inproceedings{pos-based-model,
author = {Xia, Rui and Zong, Chengqing},
title = {A POS-based Ensemble Model for Cross-domain Sentiment Classification},
booktitle = {Proceedings of 5th International Joint Conference on Natural Language Processing},
year = {2011},
publisher = {Asian Federation of Natural Language Processing},
pages = 	{614--622},
location = {Chiang Mai, Thailand},
url = {http://aclweb.org/anthology/I11-1069}
}

%based on pattern en . Does not use NLTK to perform the correction
@misc{spelling_correction_python_example,
    url = {https://rustyonrampage.github.io/text-mining/2017/11/28/spelling-correction-with-python-and-nltk.html},
    title = {Correcting Words using Python and NLTK},
    note = {Online; accessed 30-December-2018}
}

%pattern en, spelling library
@misc{spelling_pattern_en,
    url = {https://github.com/clips/pattern)},
    author = {Tom De Smed, Walter Daelemans},
    note = {Online; accessed 30-December-2018}
}

%based on pattern en . Does not use NLTK to perform the correction
@misc{spelling_correction_python_example,
    url = {https://rustyonrampage.github.io/text-mining/2017/11/28/spelling-correction-with-python-and-nltk.html},
    title = {Correcting Words using Python and NLTK},
    note = {Online; accessed 30-December-2018}
}

%For our baseline
@misc{sklearn.feature_extraction.text.TfidfVectorizer,
    url = {https://scikit-learn.org/stable/modules/generated/sklearn.feature_extraction.text.TfidfVectorizer.html},
    title = {sklearn.feature_extraction.text.TfidfVectorizer},
    note = {Online; accessed 30-December-2018}
}

@misc{sklearn.linear_model.LogisticRegression,
    url = {https://scikit-learn.org/stable/modules/generated/sklearn.linear_model.LogisticRegression.html},
    title = {sklearn.feature_extraction.text.TfidfVectorizer},
    note = {Online; accessed 30-December-2018}
}


%best PoS Tagger , run with java -jar twitie_tag.jar models/english-twitter.model <input file>
@misc{GATE_Twitter_POS_tagger,
    url = {https://gate.ac.uk/wiki/twitter-postagger.html},
    title = {GATE Twitter part-of-speech tagger},
    note = {Online; accessed 30-December-2018}
}

%Alternative Tagger
@misc{TweetNlpCarneggieMelon,
    url = {http://www.cs.cmu.edu/~ark/TweetNLP/},
    title = {Tweet NLP Carneggie Mellon},
    note = {Online; accessed 05-Janunary-2019}
}

%papers giving us the POS Tagging framework
@inproceedings{Derczynski2013_POSTagging,
    title = {Twitter Part-of-Speech Tagging for All: Overcoming Sparse and Noisy Data},
    author = {Derczynski, Leon and Ritter, Alan and Clark, Sam and Bontcheva, Kalina},
    year = {2013},
    booktitle = {Proceedings of the International Conference on Recent Advances in Natural Language Processing},
    publisher = {Association for Computational Linguistics}
}

%paper justifying TF*IDF in the baseline
@article{Wang2018_WordClustering,
  author={Y. Wang, K.T. Kim, B.J. Lee and H.Y. Youn},
  title={Word clustering based on POS feature
for efficient twitter sentiment analysis},
  journal={Human-centric Computing and Information Sciences},
  year={2018},
}